%@book{adams1995hitchhiker,
%  title={The Hitchhiker's Guide to the Galaxy},
%  author={Adams, D.},
%  isbn={9781417642595},
%  url={http://books.google.com/books?id=W-xMPgAACAAJ},
%  year={1995},
%  publisher={San Val}
%}


@online{theory,
    author    = "Ulf Ã–sterberg",
    title     = "Theory Problems for TFE4130",
    url       = "https://www.ntnu.no/wiki/download/attachments/81790585/Theory_problems.pdf?version=1&modificationDate=1447078188000&api=v2",
    keywords  = "latex,theory"
}

@online{elsys,
    title     = "Homepage of study programme ELSYS at NTNU",
    url       = "https://www.ntnu.no/studier/mtelsys",
    keywords  = "latex,elsys"
}


%@article{einstein,
%    author =       "Albert Einstein",
%    title =        "{Zur Elektrodynamik bewegter K{\"o}rper}. ({German})
%    [{On} the electrodynamics of moving bodies]",
%    journal =      "Annalen der Physik",
%    volume =       "322",
%    number =       "10",
%    pages =        "891--921",
%    year =         "1905",
%    DOI =          "http://dx.doi.org/10.1002/andp.19053221004",
%    keywords =     "physics"
%}
 
%@book{dirac,
%    title={The Principles of Quantum Mechanics},
%    author={Paul Adrien Maurice Dirac},
%    isbn={9780198520115},
%    series={International series of monographs on physics},
%    year={1981},
%    publisher={Clarendon Press},
%    keywords = {physics}
%}
 
%@online{knuthwebsite,
%    author    = "Donald Knuth",
%    title     = "Knuth: Computers and Typesetting",
%    url       = "http://www-cs-faculty.stanford.edu/~uno/abcde.html",
%    keywords  = "latex,knuth"
%}
 
%@inbook{knuth-fa,
%    author = "Donald E. Knuth",
%    title = "Fundamental Algorithms",
%    publisher = "Addison-Wesley",
%    year = "1973",
%    chapter = "1.2",
%    keywords  = "knuth,programming"
%}